@misc{slides3,
  author    = {Krystian Mikolajczyk, Carlo Ciliberto},
  title     = {ICL EEE Deep Learning Part3, 1-3},
}

@misc{slides5,
  author    = {Krystian Mikolajczyk, Carlo Ciliberto},
  title     = {ICL EEE Deep Learning Part5, 1-2},
}

@misc{normalisation,
  doi       = {10.48550/ARXIV.1502.03167},
  url       = {https://arxiv.org/abs/1502.03167},
  author    = {Ioffe, Sergey and Szegedy, Christian},
  keywords  = {Machine Learning (cs.LG), FOS: Computer and information sciences, FOS: Computer and information sciences},
  title     = {Batch Normalization: Accelerating Deep Network Training by Reducing Internal Covariate Shift},
  publisher = {arXiv},
  year      = {2015},
  copyright = {arXiv.org perpetual, non-exclusive license}
}

@MISC{pretrained,
title = {Keras Applications},
howpublished={\url{https://keras.io/api/applications/}}
}

@MISC{bleu,
title = {Bleu Score},
howpublished={\url{https://en.wikipedia.org/wiki/BLEU}}
}

@MISC{pca,
title = {Principal Components Analysis and Autoencoders},
author    = {Raquel Urtasun, Rich Zemel},
howpublished={\url{https://www.cs.toronto.edu/~urtasun/courses/CSC411/14_pca.pdf}}
}

@MISC{ssim,
title = {UNDERSTANDING AND SIMPLIFYING THE STRUCTURAL SIMILARITY METRIC},
author    = {David M. Rouse and Sheila S. Hemami},
howpublished={\url{https://citeseerx.ist.psu.edu/viewdoc/download?doi=10.1.1.506.6577&rep=rep1&type=pdf}}
}

@MISC{psnr,
title = {Peak Signal-to-Noise Ratio as an Image Quality Metric},
howpublished={\url{https://www.ni.com/en-gb/innovations/white-papers/11/}}
}

@misc{kl-divergence,
  doi = {10.48550/ARXIV.1706.04987},
  
  url = {https://arxiv.org/abs/1706.04987},
  
  author = {Rosca, Mihaela and Lakshminarayanan, Balaji and Warde-Farley, David and Mohamed, Shakir},
  
  keywords = {Machine Learning (stat.ML), Machine Learning (cs.LG), FOS: Computer and information sciences, FOS: Computer and information sciences},
  
  title = {Variational Approaches for Auto-Encoding Generative Adversarial Networks},
  
  publisher = {arXiv},
  
  year = {2017},
  
  copyright = {arXiv.org perpetual, non-exclusive license}
}

@misc{gan,
  doi = {10.48550/ARXIV.1406.2661},
  
  url = {https://arxiv.org/abs/1406.2661},
  
  author = {Goodfellow, Ian J. and Pouget-Abadie, Jean and Mirza, Mehdi and Xu, Bing and Warde-Farley, David and Ozair, Sherjil and Courville, Aaron and Bengio, Yoshua},
  
  keywords = {Machine Learning (stat.ML), Machine Learning (cs.LG), FOS: Computer and information sciences, FOS: Computer and information sciences},
  
  title = {Generative Adversarial Networks},
  
  publisher = {arXiv},
  
  year = {2014},
  
  copyright = {arXiv.org perpetual, non-exclusive license}
}

@misc{vae,
  doi = {10.48550/ARXIV.1312.6114},
  
  url = {https://arxiv.org/abs/1312.6114},
  
  author = {Kingma, Diederik P and Welling, Max},
  
  keywords = {Machine Learning (stat.ML), Machine Learning (cs.LG), FOS: Computer and information sciences, FOS: Computer and information sciences},
  
  title = {Auto-Encoding Variational Bayes},
  
  publisher = {arXiv},
  
  year = {2013},
  
  copyright = {arXiv.org perpetual, non-exclusive license}
}